%YAML 1.1
%TAG !u! tag:unity3d.com,2011:
--- !u!1 &100000
GameObject:
  m_ObjectHideFlags: 0
  m_PrefabParentObject: {fileID: 0}
  m_PrefabInternal: {fileID: 100100000}
  serializedVersion: 3
  m_Component:
  - 4: {fileID: 400000}
  - 23: {fileID: 2300000}
  - 33: {fileID: 3300000}
  - 114: {fileID: 11400000}
  m_Layer: 0
  m_Name: Sprite
  m_TagString: Untagged
  m_Icon: {fileID: 0}
  m_NavMeshLayer: 0
  m_StaticEditorFlags: 0
  m_IsActive: 0
--- !u!1 &100002
GameObject:
  m_ObjectHideFlags: 0
  m_PrefabParentObject: {fileID: 0}
  m_PrefabInternal: {fileID: 100100000}
  serializedVersion: 3
  m_Component:
  - 4: {fileID: 400002}
  - 54: {fileID: 5400000}
  - 114: {fileID: 11400002}
  - 65: {fileID: 6500000}
  m_Layer: 0
  m_Name: BouncePlatform_Endless
  m_TagString: Bounce Platform
  m_Icon: {fileID: 0}
  m_NavMeshLayer: 0
  m_StaticEditorFlags: 0
  m_IsActive: 0
--- !u!4 &400000
Transform:
  m_ObjectHideFlags: 1
  m_PrefabParentObject: {fileID: 0}
  m_PrefabInternal: {fileID: 100100000}
  m_GameObject: {fileID: 100000}
  m_LocalRotation: {x: 0, y: 0, z: 0, w: 1}
  m_LocalPosition: {x: 0, y: 0, z: 10}
  m_LocalScale: {x: 1, y: 1, z: 1}
  m_Children: []
  m_Father: {fileID: 400002}
--- !u!4 &400002
Transform:
  m_ObjectHideFlags: 1
  m_PrefabParentObject: {fileID: 0}
  m_PrefabInternal: {fileID: 100100000}
  m_GameObject: {fileID: 100002}
  m_LocalRotation: {x: 0, y: 0, z: 0, w: 1}
  m_LocalPosition: {x: -32.2796783, y: 0, z: 0}
  m_LocalScale: {x: 1, y: 1, z: 1}
  m_Children:
  - {fileID: 400000}
  m_Father: {fileID: 0}
--- !u!23 &2300000
Renderer:
  m_ObjectHideFlags: 1
  m_PrefabParentObject: {fileID: 0}
  m_PrefabInternal: {fileID: 100100000}
  m_GameObject: {fileID: 100000}
  m_Enabled: 1
  m_CastShadows: 1
  m_ReceiveShadows: 1
  m_LightmapIndex: 255
  m_LightmapTilingOffset: {x: 1, y: 1, z: 0, w: 0}
  m_Materials:
  - {fileID: 2100000, guid: 2d22c0a3f3a814c48abe9604e44ae03a, type: 2}
  m_SubsetIndices: 
  m_StaticBatchRoot: {fileID: 0}
  m_UseLightProbes: 0
  m_LightProbeAnchor: {fileID: 0}
  m_ScaleInLightmap: 1
--- !u!33 &3300000
MeshFilter:
  m_ObjectHideFlags: 1
  m_PrefabParentObject: {fileID: 0}
  m_PrefabInternal: {fileID: 100100000}
  m_GameObject: {fileID: 100000}
  m_Mesh: {fileID: 0}
--- !u!54 &5400000
Rigidbody:
  m_ObjectHideFlags: 1
  m_PrefabParentObject: {fileID: 0}
  m_PrefabInternal: {fileID: 100100000}
  m_GameObject: {fileID: 100002}
  serializedVersion: 2
  m_Mass: 1
  m_Drag: 0
  m_AngularDrag: .0500000007
  m_UseGravity: 1
  m_IsKinematic: 1
  m_Interpolate: 0
  m_Constraints: 0
  m_CollisionDetection: 0
--- !u!65 &6500000
BoxCollider:
  m_ObjectHideFlags: 1
  m_PrefabParentObject: {fileID: 0}
  m_PrefabInternal: {fileID: 100100000}
  m_GameObject: {fileID: 100002}
  m_Material: {fileID: 0}
  m_IsTrigger: 1
  m_Enabled: 1
  serializedVersion: 2
  m_Size: {x: 25, y: 16, z: 1}
  m_Center: {x: 0, y: 7, z: 0}
--- !u!114 &11400000
MonoBehaviour:
  m_ObjectHideFlags: 1
  m_PrefabParentObject: {fileID: 0}
  m_PrefabInternal: {fileID: 100100000}
  m_GameObject: {fileID: 100000}
  m_Enabled: 1
  m_EditorHideFlags: 0
  m_Script: {fileID: 11500000, guid: 3fac570381f34f647b768dc5a5aa1364, type: 1}
  m_Name: 
  collection: {fileID: 11400000, guid: 781bf51d4df6b463a8c70512cc5fcaff, type: 2}
  _color: {r: 1, g: 1, b: 1, a: 1}
  _scale: {x: .300000012, y: .300000012, z: 1}
  _spriteId: 1
  boxCollider: {fileID: 0}
  meshCollider: {fileID: 0}
  meshColliderPositions:
  - {x: .512499988, y: .021874994, z: -.100000001}
  - {x: .512499988, y: .021874994, z: .100000001}
  - {x: .340624988, y: 0, z: -.100000001}
  - {x: .340624988, y: 0, z: .100000001}
  - {x: .271874964, y: 0, z: -.100000001}
  - {x: .271874964, y: 0, z: .100000001}
  - {x: .168749988, y: .040625006, z: -.100000001}
  - {x: .168749988, y: .040625006, z: .100000001}
  - {x: .115624964, y: .0625, z: -.100000001}
  - {x: .115624964, y: .0625, z: .100000001}
  - {x: .0656249523, y: .068749994, z: -.100000001}
  - {x: .0656249523, y: .068749994, z: .100000001}
  - {x: -.0187500119, y: .049999997, z: -.100000001}
  - {x: -.0187500119, y: .049999997, z: .100000001}
  - {x: -.100000024, y: .025000006, z: -.100000001}
  - {x: -.100000024, y: .025000006, z: .100000001}
  - {x: -.1875, y: .00937500596, z: -.100000001}
  - {x: -.1875, y: .00937500596, z: .100000001}
  - {x: -.253125042, y: .025000006, z: -.100000001}
  - {x: -.253125042, y: .025000006, z: .100000001}
  - {x: -.321875036, y: .056250006, z: -.100000001}
  - {x: -.321875036, y: .056250006, z: .100000001}
  - {x: -.387500018, y: .084374994, z: -.100000001}
  - {x: -.387500018, y: .084374994, z: .100000001}
  - {x: -.456250012, y: .096874997, z: -.100000001}
  - {x: -.456250012, y: .096874997, z: .100000001}
  - {x: -.584375024, y: .065624997, z: -.100000001}
  - {x: -.584375024, y: .065624997, z: .100000001}
  - {x: -.696875036, y: .015625, z: -.100000001}
  - {x: -.696875036, y: .015625, z: .100000001}
  - {x: -.696875036, y: -.121875003, z: -.100000001}
  - {x: -.696875036, y: -.121875003, z: .100000001}
  - {x: .699999988, y: -.121875003, z: -.100000001}
  - {x: .699999988, y: -.121875003, z: .100000001}
  - {x: .699999988, y: .03125, z: -.100000001}
  - {x: .699999988, y: .03125, z: .100000001}
  meshColliderMesh: {fileID: 0}
  renderLayer: 0
--- !u!114 &11400002
MonoBehaviour:
  m_ObjectHideFlags: 1
  m_PrefabParentObject: {fileID: 0}
  m_PrefabInternal: {fileID: 100100000}
  m_GameObject: {fileID: 100002}
  m_Enabled: 1
  m_EditorHideFlags: 0
  m_Script: {fileID: 11500000, guid: a2459fc2129bbcd45a2e30a44d3ffb0b, type: 1}
  m_Name: 
  sprite: {fileID: 0}
  trampoline: {fileID: 0}
  smoke: {fileID: 0}
  bounceTarget: {fileID: 0}
  directionX: 0
  directionY: 0
  speedX: 0
  speedY: 0
  minX: 0
  maxX: 0
  minY: 0
  maxY: 0
  isReverseX: 0
  isReverseY: 0
  lastTurn: {x: 0, y: 0, z: 0}
  turnDistance: 0
  isTrampoline: 0
  worldId: 0
  lastToggle: 0
  disappearOnDuration: 0
  disappearOffDuration: 0
  delayedDisappear: 0
  isFrozen: 1
--- !u!1001 &100100000
Prefab:
  m_ObjectHideFlags: 1
  serializedVersion: 2
  m_Modification:
    m_TransformParent: {fileID: 0}
    m_Modifications: []
    m_RemovedComponents: []
  m_ParentPrefab: {fileID: 0}
  m_RootGameObject: {fileID: 100002}
  m_IsPrefabParent: 1
  m_IsExploded: 1
